<record><leader>00000cas a2200000 a 4500</leader><controlfield tag="001">24189913</controlfield><controlfield tag="008">910807d189619uunyuwr ne      0    0eng c</controlfield><datafield ind1=" " ind2=" " tag="010"><subfield code="a">sn 91066395 </subfield></datafield><datafield ind1=" " ind2=" " tag="040"><subfield code="a">NYS</subfield><subfield code="b">eng</subfield><subfield code="c">NYS</subfield><subfield code="d">OCLCQ</subfield><subfield code="d">OCLCF</subfield><subfield code="d">OCLCO</subfield></datafield><datafield ind1=" " ind2=" " tag="042"><subfield code="a">pcc</subfield></datafield><datafield ind1=" " ind2=" " tag="043"><subfield code="a">n-us-ny</subfield></datafield><datafield ind1="0" ind2="4" tag="245"><subfield code="a">The Lester-shire record.</subfield></datafield><datafield ind1="1" ind2=" " tag="246"><subfield code="i">Published as:</subfield><subfield code="a">Lestershire record</subfield><subfield code="f">&lt;1901&gt;</subfield></datafield><datafield ind1=" " ind2=" " tag="260"><subfield code="a">Lester-shire, N.Y. :</subfield><subfield code="b">[s.n.]</subfield></datafield><datafield ind1=" " ind2=" " tag="300"><subfield code="a">v. ;</subfield><subfield code="c">56 cm.</subfield></datafield><datafield ind1=" " ind2=" " tag="310"><subfield code="a">Weekly</subfield></datafield><datafield ind1="1" ind2=" " tag="362"><subfield code="a">Began Aug. 21, 1896.</subfield></datafield><datafield ind1=" " ind2=" " tag="500"><subfield code="a">Lestershire, N.Y. name changed to Johnson City, N.Y., Aug. 13, 1915.</subfield></datafield><datafield ind1=" " ind2=" " tag="588"><subfield code="a">Description based on: Vol. 1, no. [2], (Aug. 28, 1896).</subfield></datafield><datafield ind1=" " ind2=" " tag="588"><subfield code="a">Latest issue consulted: Vol. 5, no 286 (Dec. 27, 1901).</subfield></datafield><datafield ind1=" " ind2="0" tag="651"><subfield code="a">Johnson City (N.Y.)</subfield><subfield code="v">Newspapers.</subfield></datafield><datafield ind1=" " ind2="0" tag="651"><subfield code="a">Broome County (N.Y.)</subfield><subfield code="v">Newspapers.</subfield></datafield><datafield ind1=" " ind2="7" tag="655"><subfield code="a">Newspapers.</subfield><subfield code="2">fast</subfield><subfield code="0">(OCoLC)fst01423814</subfield></datafield><datafield ind1=" " ind2="7" tag="651"><subfield code="a">New York (State)</subfield><subfield code="z">Broome County.</subfield><subfield code="2">fast</subfield><subfield code="0">(OCoLC)fst01233031</subfield></datafield><datafield ind1=" " ind2="7" tag="651"><subfield code="a">New York (State)</subfield><subfield code="z">Johnson City.</subfield><subfield code="2">fast</subfield><subfield code="0">(OCoLC)fst01206933</subfield></datafield><datafield ind1=" " ind2=" " tag="752"><subfield code="a">United States</subfield><subfield code="b">New York</subfield><subfield code="c">Broome</subfield><subfield code="d">Johnson City.</subfield></datafield><datafield ind1=" " ind2=" " tag="752"><subfield code="a">United States</subfield><subfield code="b">New York</subfield><subfield code="c">Broome</subfield><subfield code="d">Lestershire.</subfield></datafield><datafield ind1="0" ind2="0" tag="785"><subfield code="t">Lestershire-Endicott record</subfield><subfield code="w">(DLC)sn 89071122</subfield><subfield code="w">(OCoLC)19335741</subfield></datafield></record>